<record><leader>00000cas a22000007a 4500</leader><controlfield tag="001">10405456</controlfield><controlfield tag="008">840211d19051921ohudn ne      0    0eng d</controlfield><datafield ind1=" " ind2=" " tag="010"><subfield code="a">sn 84028058 </subfield></datafield><datafield ind1=" " ind2=" " tag="040"><subfield code="a">NPY</subfield><subfield code="b">eng</subfield><subfield code="c">NPY</subfield><subfield code="d">ONP</subfield><subfield code="d">OCLCQ</subfield></datafield><datafield ind1=" " ind2=" " tag="042"><subfield code="a">msc</subfield></datafield><datafield ind1="0" ind2=" " tag="130"><subfield code="a">Sandusky star-journal (Sandusky, Ohio : 1905)</subfield></datafield><datafield ind1="1" ind2="4" tag="245"><subfield code="a">The Sandusky star-journal.</subfield></datafield><datafield ind1=" " ind2=" " tag="260"><subfield code="a">Sandusky, Ohio :</subfield><subfield code="b">Alvord &amp; Peters Co.,</subfield><subfield code="c">1905-1921.</subfield></datafield><datafield ind1=" " ind2=" " tag="300"><subfield code="a">v. :</subfield><subfield code="b">ill. ;</subfield><subfield code="c">63 cm.</subfield></datafield><datafield ind1=" " ind2=" " tag="310"><subfield code="a">Daily (6 numbers per week)</subfield></datafield><datafield ind1="0" ind2=" " tag="362"><subfield code="a">38th year, no. 240 (July 7, 1905)-54th year, no. 152 (Apr. 28, 1921).</subfield></datafield><datafield ind1=" " ind2=" " tag="500"><subfield code="a">"Democratic." Cf. Gutgesell, S. Guide to Ohio newspapers, 1974.</subfield></datafield><datafield ind1=" " ind2=" " tag="515"><subfield code="a">44 year, no. 230 (July 6, 1911) misdated June 6.</subfield></datafield><datafield ind1=" " ind2=" " tag="515"><subfield code="a">49 year, no. 197 (May 27, 1919) misdated May 7 on masthead.</subfield></datafield><datafield ind1=" " ind2=" " tag="580"><subfield code="a">Weekly ed.: Sandusky star-journal (Sandusky, Ohio : 1904).</subfield></datafield><datafield ind1=" " ind2=" " tag="752"><subfield code="a">United States</subfield><subfield code="b">Ohio</subfield><subfield code="c">Erie</subfield><subfield code="d">Sandusky.</subfield></datafield><datafield ind1="1" ind2=" " tag="775"><subfield code="t">Sandusky star-journal (Sandusky, Ohio : 1904)</subfield><subfield code="w">(DLC)sn 87076518</subfield></datafield><datafield ind1="0" ind2="0" tag="780"><subfield code="t">Sandusky star-journal and local</subfield><subfield code="w">(DLC)sn 87076522</subfield></datafield><datafield ind1="0" ind2="0" tag="785"><subfield code="t">Star journal (Sandusky, Ohio)</subfield><subfield code="w">(DLC)sn 87076523</subfield></datafield><datafield ind1="1" ind2=" " tag="029"><subfield code="a">AU@</subfield><subfield code="b">000025791321</subfield></datafield></record>